@online{Kaggle,
  author = {Kaggle Inc},
  title = {Kaggle: Your Home for Data Science},
  year = 2017,
  url = {https://www.kaggle.com/},
  urldate = {2017-02-11}
}

@online{UCI,
	author = {Center for Machine Learning and Intelligent Systems},
	title = {UCI Machine Learning Repository},
	year = 2017,
	url = {http://archive.ics.uci.edu/ml/},
	urldate = {2017-02-11}
}